@article{rastogi2020can,
  title={Can we achieve more with less? exploring data augmentation for toxic comment classification},
  author={Rastogi, Chetanya and Mofid, Nikka and Hsiao, Fang-I},
  journal={arXiv preprint arXiv:2007.00875},
  year={2020}
}

@article{hartvigsen2022toxigen,
  title={Toxigen: A large-scale machine-generated dataset for adversarial and implicit hate speech detection},
  author={Hartvigsen, Thomas and Gabriel, Saadia and Palangi, Hamid and Sap, Maarten and Ray, Dipankar and Kamar, Ece},
  journal={arXiv preprint arXiv:2203.09509},
  year={2022}
}

@inproceedings{fortuna2020toxic,
  title={Toxic, hateful, offensive or abusive? what are we really classifying? an empirical analysis of hate speech datasets},
  author={Fortuna, Paula and Soler, Juan and Wanner, Leo},
  booktitle={Proceedings of the 12th language resources and evaluation conference},
  pages={6786--6794},
  year={2020}
}

@article{raffel2020exploring,
  title={Exploring the limits of transfer learning with a unified text-to-text transformer},
  author={Raffel, Colin and Shazeer, Noam and Roberts, Adam and Lee, Katherine and Narang, Sharan and Matena, Michael and Zhou, Yanqi and Li, Wei and Liu, Peter J},
  journal={The Journal of Machine Learning Research},
  volume={21},
  number={1},
  pages={5485--5551},
  year={2020},
  publisher={JMLRORG}
}

@misc{t5mlcode,
  author = {Prithvi Jaunjale},
  title = {{T5 - Multi Label Classification}},
  howpublished = "\url{https://www.kaggle.com/code/prithvijaunjale/t5-multi-label-classification/notebook}",
  year = {2020}, 
  note = "[Online; accessed Apr-2023]"
}
