@misc{rastogi2020can,
  title={Can we achieve more with less? exploring data augmentation for toxic comment classification},
  author={Rastogi, Chetanya and Mofid, Nikka and Hsiao, Fang-I},
  journal={arXiv preprint arXiv:2007.00875},
  year={2020},
  howpublished = "\url{https://arxiv.org/pdf/2007.00875.pdf}",
  note = "[Online; accessed Apr-2023]"
}


@misc{Attention,
  title={Attention Is All You Need},
  author={A. Vaswani, N. Shazeer, N. Parmar, J. Uszkoreit, L. Jones, A. Gomez, L. Kaiser, I. Polosukhin},
  year={2017},
  howpublished = {\url{https://arxiv.org/pdf/1706.03762.pdf}},
  note = "[Online; accessed Mar-2023]"
}


@misc{petersmithBullying,
  title={Bullying: Donâ€™t Suffer in Silence - an anti-bullying pack for schools},
  author={Peter Smith, Goldsmiths College, University of London},
  year={2002},
  howpublished = {\url{https://webarchive.nationalarchives.gov.uk/ukgwa/20050302035856/http://dfes.gov.uk/bullying/pack/02.pdf}},
  note = "[Online; accessed Apr-2023]"
}

@misc{Cyberbullying2008,
  title={Cyberbullying: its nature and impact in secondary school pupils},
  author={Peter K. Smith, Jess Mahdavi, Manuel Carvalho, Sonja Fisher, Shanette Russell, Neil Tippett},
  year={2008},
  howpublished = {\url{https://acamh.onlinelibrary.wiley.com/doi/epdf/10.1111/j.1469-7610.2007.01846.x}},
  note = "Journal of Child Psychology and Psychiatry.  Volume 49, Issue 4.  [Online; accessed Apr-2023]"
}

@misc{cyberbullyingMIT,
  title={Modeling the Detection of Textual Cyberbullying},
  author={Dinakar, Karthik and Reichart, Roi and Lieberman, Henry},
  year={2011},
  howpublished = {\url{https://ojs.aaai.org/index.php/ICWSM/article/view/14209/14058}},
  note = "[Online; accessed Apr-2023]"
}


@misc{hartvigsen2022toxigen,
  title={Toxigen: A large-scale machine-generated dataset for adversarial and implicit hate speech detection},
  author={Hartvigsen, Thomas and Gabriel, Saadia and Palangi, Hamid and Sap, Maarten and Ray, Dipankar and Kamar, Ece},
  journal={arXiv preprint arXiv:2203.09509},
  year={2022},
  howpublished = "\url{https://arxiv.org/abs/2203.09509}",
  note = "[Online; accessed Apr-2023]"
}

@misc{Bert,
  title={BERT: Pre-training of Deep Bidirectional Transformers for Language Understanding},
  author={J. Devlin, M. Chang, K. Lee, K. Toutanova},
  year={2019},
  howpublished = {\url{https://arxiv.org/pdf/1810.04805.pdf}},
  note = "[Online; accessed Mar-2023]"
}

@misc{fortuna2020toxic,
  title={Toxic, hateful, offensive or abusive? what are we really classifying? an empirical analysis of hate speech datasets},
  author={Fortuna, Paula and Soler, Juan and Wanner, Leo},
  note={Proceedings of the 12th language resources and evaluation conference.  Pages 6786-6794.  [Online; accessed Apr-2023]},
  year={2020},
  howpublished = {\url{https://aclanthology.org/2020.lrec-1.838.pdf}},
}

@misc{raffel2020exploring,
  title={Exploring the limits of transfer learning with a unified text-to-text transformer},
  author={Raffel, Colin and Shazeer, Noam and Roberts, Adam and Lee, Katherine and Narang, Sharan and Matena, Michael and Zhou, Yanqi and Li, Wei and Liu, Peter J},
  note={The Journal of Machine Learning Research.  Vol 21.  Pages 5485-5551.  [Online; accessed Apr-2023]},
  year= {2020},
  howpublished = {\url{https://arxiv.org/pdf/1910.10683.pdf}},
}

@misc{t5mlcode,
  author = {Prithvi Jaunjale},
  title = {T5 - Multi Label Classification},
  howpublished = "\url{https://www.kaggle.com/code/prithvijaunjale/t5-multi-label-classification/notebook}",
  year = {2020}, 
  note = "[Online; accessed Apr-2023]"
}

@misc{Singh2020HowMD,
  title={How much does pre-trained information help? Partially re-initializing BERT during fine-tuning to analyze the contribution of layers},
  author={Trisha Singh},
  year={2020},
  howpublished = {\url{https://web.stanford.edu/class/archive/cs/cs224n/cs224n.1204/reports/custom/report13.pdf}},
  note = "[Online; accessed Mar-2023]"
}

@misc{yang2019xlnet,
  title={Xlnet: Generalized autoregressive pretraining for language understanding},
  author={Yang, Zhilin and Dai, Zihang and Yang, Yiming and Carbonell, Jaime and Salakhutdinov, Russ R and Le, Quoc V},
  note={Advances in neural information processing systems.  Vol 32.  [Online; accessed Mar-2023]},
  year={2019},
  howpublished = {\url{https://proceedings.neurips.cc/paper/2019/file/dc6a7e655d7e5840e66733e9ee67cc69-Paper.pdf}},
}

@misc{baldini2021your,
  title={Your fairness may vary: Pretrained language model fairness in toxic text classification},
  author={Baldini, Ioana and Wei, Dennis and Ramamurthy, Karthikeyan Natesan and Yurochkin, Mikhail and Singh, Moninder},
  year={2021},
  howpublished = {\url{https://aclanthology.org/2022.findings-acl.176.pdf}},
  note = "[Online; accessed Mar-2023]"
}
